@book{Boten2022,
  title     = {{Cloud-Native} Observability with {OpenTelemetry}},
  author    = {Boten, Alex and Majors, Charity},
  publisher = {Packt Publishing},
  month     = may,
  year      = 2022,
  address   = {Birmingham, England},
  language  = {en}
}

@book{Parker2020,
  title     = {Distributed tracing in practice},
  author    = {Parker, Austin and Spoonhower, Daniel and Mace, Jonathan and Sigelman, Ben and Isaacs, Rebecca},
  publisher = {O'Reilly Media},
  month     = apr,
  year      = 2020,
  address   = {Sebastopol, CA},
  language  = {en}
}

@book{Young2024,
  title     = {Learning {OpenTelemetry}},
  author    = {Young, Ted and Parker, Austin},
  publisher = {O'Reilly Media},
  month     = mar,
  year      = 2024,
  address   = {Sebastopol, CA},
  language  = {en}
}

@book{Shkuro2019,
  title     = {Mastering Distributed Tracing},
  author    = {Shkuro, Yuri},
  publisher = {Packt Publishing},
  month     = feb,
  year      = 2019,
  address   = {Birmingham, England}
}

@book{Molkova2023,
  title     = {Modern Distributed Tracing in .{NET}},
  author    = {Molkova, Liudmila},
  publisher = {Packt Publishing},
  month     = jun,
  year      = 2023,
  address   = {Birmingham, England},
  language  = {en}
}

@book{Gomez_Blanco2023,
  title     = {Practical {OpenTelemetry}},
  author    = {Gomez Blanco, Daniel},
  publisher = {APress},
  edition   = 1,
  month     = mar,
  year      = 2023,
  address   = {Berlin, Germany},
  language  = {en}
}

@book{Flanders2024,
  title     = {Mastering {OpenTelemetry} and observability},
  author    = {Flanders, Steve},
  publisher = {John Wiley \& Sons},
  month     = oct,
  year      = 2024,
  address   = {Nashville, TN},
  language  = {en}
}

@book{Young2021,
  title     = {The Future of Observability with {OpenTelemetry}},
  author    = {Young, Ted},
  publisher = {O'Reilly Media},
  month     = dec,
  year      = 2021,
  address   = {Sebastopol, CA},
  language  = {en}
}
